%
%  An example of a bibliographical database for bibTeX
%
%  Recommended software for maintenance of *.bib files:
%    JabRef, http://jabref.sourceforge.net/
%
%  BEWARE:
%
%    *  If a name contains a capital letter, which must be kept such,
%       use curly brackets ({T}hailand, {HIV}).
%
%  ===========================================================================

@BOOK{Andel07,
  title = {Základy matematické statistiky},
  publisher = {Matfyzpress},
  year = {2007},
  author = {Anděl, J.},
  address = {Praha},
  series = {Druhé opravené vydání},
  isbn = {80-7378-001-1}
}


@ARTICLE{KaplanMeier58,
  author = {Kaplan, E. L. and Meier, P.},
  title = {Nonparametric estimation from incomplete observations},
  journal = {Journal of the American Statistical Association},
  year = {1958},
  volume = {53},
  pages = {457--481},
  number = {282}
}

@ARTICLE{PDP,
  author = {Brian Coltin},
  title = {Multi-agent Pickup and Delivery Planning with Transfers},
  year = {2014},
  pages = {1}
}

@ARTICLE{Liu,
  author = {Gang Ma, Jiaoyang Li, Sven Koenig},
  title = {Task and Path planning for Multi-Agent Pickup and Delivery}, 
  pages = {1}
}
